@book {
	edc,
	Author = {VIJAY K. GARG},
	Publisher = {John Wiley \& Sons},
	Title = {Elements of Distributed Computing},
	Year = {2002},
	Sortname = {VIJAY K. GARG}
}

@book {
	da,
	Author = {亀田恒彦{,} 山下雅史},
	Publisher = {近代科学社},
	Title = {分散アルゴリズム},
	Year = {1994},
	Sortname = {Kameda}
}

@book {
	anct2012,
	Author = {梶原将大{,} 長谷川貴紀},
	Title = {分散アルゴリズムシミュレータの改良},
	Publisher = {明石工業高等専門学校卒業研究論文},
	Year = {2012},
	Sortname = {Kajiwara}
}

@online {
	daj,
	Author = {Mordechai (Moti) Ben-Ari},
	Title = {DAJ: Distributed Algorithms in Java},
  Url = {http://www.weizmann.ac.il/sci-tea/benari/software/daj/index.html}
}

@online {
	mpi,
	Author = {Message-Passing Interface Forum},
	Title = {MPI: A Message-Passing Interface Standard (Version 3.1)},
	Url = {http://www.mpi-forum.org/docs/docs.html}
}

@online {
	pvm,
	Author = {Jack Dongarra and Al Geist and Weicheng Jiang and Jim Kohl and Robert Manchek and Phil Papadopoulos and Vaidy Sunderam and Markus Fischer},
	Title = {PVM: Parallel Virtual Machine},
	Url = {http://www.csm.ornl.gov/pvm/pvm_home.html}
}

@article {
	d2as,
	Author ={弘田暢幸{,} 梅本秀樹{,} 相原玲二{,} 山下雅史{,} 阿江忠},
	Title = {分散環境で動作する分散アルゴリズムシミュレータ},
	Journal = {情報処理学会論文誌},
	Volume = {34},
	Number = {11},
	Pages = {2421 - 2430},
	year = {1993}
}
